<record><leader>00000cas a22000007a 4500</leader><controlfield tag="001">10399801</controlfield><controlfield tag="008">840210d18871887ohuwr ne      0    0eng d</controlfield><datafield ind1=" " ind2=" " tag="010"><subfield code="a">sn 84028049 </subfield></datafield><datafield ind1=" " ind2=" " tag="040"><subfield code="a">NPY</subfield><subfield code="b">eng</subfield><subfield code="c">NPY</subfield><subfield code="d">ONP</subfield><subfield code="d">OCLCQ</subfield></datafield><datafield ind1=" " ind2=" " tag="042"><subfield code="a">msc</subfield></datafield><datafield ind1="0" ind2=" " tag="130"><subfield code="a">Journal and local (Sandusky, Ohio)</subfield></datafield><datafield ind1="1" ind2="4" tag="245"><subfield code="a">The Journal and local.</subfield></datafield><datafield ind1=" " ind2=" " tag="260"><subfield code="a">Sandusky, Ohio :</subfield><subfield code="b">Merrill &amp; Bittner,</subfield><subfield code="c">1887.</subfield></datafield><datafield ind1=" " ind2=" " tag="300"><subfield code="a">1 v. :</subfield><subfield code="b">ill. ;</subfield><subfield code="c">55 cm.</subfield></datafield><datafield ind1=" " ind2=" " tag="310"><subfield code="a">Weekly</subfield></datafield><datafield ind1="0" ind2=" " tag="362"><subfield code="a">Vol. 5, no. 16 (Mar. 5, 1887)-v. 22, no. 20 (Apr. 2, 1887).</subfield></datafield><datafield ind1=" " ind2=" " tag="515"><subfield code="a">Numbering irregular for first two issues: Vol. 5, no. 16 (Mar. 5); v. 12, no. 1033 (Mar. 12); v. 12, no. 18-20 (Mar. 19-Apr. 2).</subfield></datafield><datafield ind1=" " ind2=" " tag="752"><subfield code="a">United States</subfield><subfield code="b">Ohio</subfield><subfield code="c">Erie</subfield><subfield code="d">Sandusky.</subfield></datafield><datafield ind1="0" ind2=" " tag="775"><subfield code="t">Daily journal and local</subfield><subfield code="w">(DLC)sn 84028053</subfield></datafield><datafield ind1="0" ind2="4" tag="780"><subfield code="t">Sandusky local</subfield><subfield code="w">(DLC)sn 84028048</subfield></datafield><datafield ind1="0" ind2="4" tag="780"><subfield code="t">Sandusky weekly journal (Sandusky, Ohio : 1885)</subfield><subfield code="w">(DLC)sn 87076728</subfield></datafield><datafield ind1="0" ind2="0" tag="785"><subfield code="t">Sandusky weekly journal and local (consolidated)</subfield><subfield code="w">(DLC)sn 84028050</subfield></datafield></record>